@article{entman1993framing,
  title = {Framing: {{Toward}} Clarification of a Fractured Paradigm},
  author = {Entman, Robert M},
  year = {1993},
  journal = {Journal of communication},
  volume = {43},
  number = {4},
  pages = {51--58},
  publisher = {{Washington}}
}

@misc{zhengHeterogeneousContrastiveLearning2022,
  title = {Heterogeneous {{Contrastive Learning}}},
  author = {Zheng, Lecheng and Xiong, Jinjun and Zhu, Yada and He, Jingrui},
  year = {2022},
  month = jul,
  number = {arXiv:2105.09401},
  eprint = {2105.09401},
  primaryclass = {cs},
  publisher = {{arXiv}},
  urldate = {2022-11-30},
  archiveprefix = {arxiv},
  langid = {english},
  keywords = {Computer Science - Computer Vision and Pattern Recognition,Computer Science - Machine Learning},
}

@inproceedings{suContrastiveLearningEnhancedNearest2022,
  title = {Contrastive {{Learning-Enhanced Nearest Neighbor Mechanism}} for {{Multi-Label Text Classification}}},
  booktitle = {Proceedings of the 60th {{Annual Meeting}} of the {{Association}} for {{Computational Linguistics}} ({{Volume}} 2: {{Short Papers}})},
  author = {Su, Xi'ao and Wang, Ran and Dai, Xinyu},
  year = {2022},
  pages = {672--679},
  publisher = {{Association for Computational Linguistics}},
  address = {{Dublin, Ireland}},
  doi = {10.18653/v1/2022.acl-short.75},
  urldate = {2023-01-23},
  langid = {english},
  annotation = {0 citations (Crossref) [2023-03-25]},
}

@inproceedings{wangUnderstandingContrastiveRepresentation2020,
  title = {Understanding {{Contrastive Representation Learning}} through {{Alignment}} and {{Uniformity}} on the {{Hypersphere}}},
  booktitle = {International {{Conference}} on {{Machine Learning}}},
  author = {Wang, Tongzhou and Isola, Phillip},
  year = {2020},
  pages = {9929--9939},
  langid = {english},
}

@inproceedings{MiniCPTSemeval2023task3, 
	title={MiniCPT at SemEval-2023 Task 3: Multi-Label-Aware Contrastive Pretraining for Framing Prediction with Limited Multilingual Data},
	author={Ertl, Alexander and  Reiter-Haas, Markus and Innerhofer, Kevin and Lex, Elisabeth},
	booktitle = {Proceedings of the 17th International Workshop on Semantic Evaluation},
    series = {SemEval 2023},
    year = {2023},
    address = {Toronto, Canada},
    month = {July},
    pages = {},  
    doi= {}    
}

@article{boydstunIdentifyingMediaFrames2013,
  title = {Identifying {{Media Frames}} and {{Frame Dynamics Within}} and {{Across Policy Issues}}},
  author = {Boydstun, Amber E and Gross, Justin H and Resnik, Philip and Smith, Noah A},
  year = {2013},
  langid = {english},
}

@article{reiterhaasAMRbasedFramingAnalysis,
  title = {{{AMR-based Framing Analysis}} of {{Health-Related Narratives}}: {{Conspiracy}} versus {{Mainstream Media}}},
  author = {{Reiter-Haas}, Markus and Kl{\"o}sch, Beate and Hadler, Markus and Lex, Elisabeth},
  year = {2023},
  langid = {english},
}

@article{aliSurveyComputationalFraming2022,
  title = {A {{Survey}} of {{Computational Framing Analysis Approaches}}},
  author = {Ali, Mohammad and Hassan, Naeemul},
  year = {2022},
  langid = {english},
}
